%YAML 1.1
%TAG !u! tag:unity3d.com,2011:
--- !u!1 &7311099624838610124
GameObject:
  m_ObjectHideFlags: 0
  m_CorrespondingSourceObject: {fileID: 0}
  m_PrefabInstance: {fileID: 0}
  m_PrefabAsset: {fileID: 0}
  serializedVersion: 6
  m_Component:
  - component: {fileID: 4843956079618603328}
  - component: {fileID: 583584075486396091}
  - component: {fileID: 6889649265020997645}
  - component: {fileID: 9049246165863494297}
  - component: {fileID: 3700750584708244082}
  m_Layer: 0
  m_Name: TrashSpawner
  m_TagString: itemSpawner
  m_Icon: {fileID: 0}
  m_NavMeshLayer: 0
  m_StaticEditorFlags: 0
  m_IsActive: 1
--- !u!4 &4843956079618603328
Transform:
  m_ObjectHideFlags: 0
  m_CorrespondingSourceObject: {fileID: 0}
  m_PrefabInstance: {fileID: 0}
  m_PrefabAsset: {fileID: 0}
  m_GameObject: {fileID: 7311099624838610124}
  m_LocalRotation: {x: 0, y: 0, z: 0, w: 1}
  m_LocalPosition: {x: 0, y: 0, z: 0}
  m_LocalScale: {x: 1, y: 1, z: 1}
  m_Children:
  - {fileID: 5807877353745967462}
  - {fileID: 4078664618816198745}
  - {fileID: 8048413509636616715}
  - {fileID: 4409546359301885084}
  - {fileID: 7831846103395943604}
  - {fileID: 8335534093738352685}
  - {fileID: 5783202168076720315}
  - {fileID: 3597405638464739144}
  - {fileID: 672258731998518045}
  - {fileID: 1169157791021308026}
  - {fileID: 3455228622818952856}
  - {fileID: 6334733697513353108}
  m_Father: {fileID: 0}
  m_RootOrder: 0
  m_LocalEulerAnglesHint: {x: 0, y: 0, z: 0}
--- !u!54 &583584075486396091
Rigidbody:
  m_ObjectHideFlags: 0
  m_CorrespondingSourceObject: {fileID: 0}
  m_PrefabInstance: {fileID: 0}
  m_PrefabAsset: {fileID: 0}
  m_GameObject: {fileID: 7311099624838610124}
  serializedVersion: 2
  m_Mass: 1
  m_Drag: 0
  m_AngularDrag: 0.05
  m_UseGravity: 0
  m_IsKinematic: 1
  m_Interpolate: 0
  m_Constraints: 0
  m_CollisionDetection: 0
--- !u!135 &6889649265020997645
SphereCollider:
  m_ObjectHideFlags: 0
  m_CorrespondingSourceObject: {fileID: 0}
  m_PrefabInstance: {fileID: 0}
  m_PrefabAsset: {fileID: 0}
  m_GameObject: {fileID: 7311099624838610124}
  m_Material: {fileID: 0}
  m_IsTrigger: 0
  m_Enabled: 1
  serializedVersion: 2
  m_Radius: 3.28
  m_Center: {x: 0, y: 1.6, z: 0}
--- !u!114 &9049246165863494297
MonoBehaviour:
  m_ObjectHideFlags: 0
  m_CorrespondingSourceObject: {fileID: 0}
  m_PrefabInstance: {fileID: 0}
  m_PrefabAsset: {fileID: 0}
  m_GameObject: {fileID: 7311099624838610124}
  m_Enabled: 1
  m_EditorHideFlags: 0
  m_Script: {fileID: 11500000, guid: f863756ed6afc1045a738122f83631f4, type: 3}
  m_Name: 
  m_EditorClassIdentifier: 
  _pullableObjects:
  - {fileID: 197338, guid: 395702cb0bd4d5e419cfd93bde68688e, type: 3}
  - {fileID: 184698, guid: 99b8c1c1826aebe478962f2c3bcc0399, type: 3}
  - {fileID: 182862, guid: fdb6c49999bcf3844847f2960f8779cf, type: 3}
  - {fileID: 184698, guid: 99b8c1c1826aebe478962f2c3bcc0399, type: 3}
  - {fileID: 113002, guid: a583582d16e008b40ac01424f8a62192, type: 3}
  - {fileID: 192716, guid: 44f99a2d5690d5448b9d4feb05b8eafa, type: 3}
  - {fileID: 126644, guid: d5a7ebac9e9298342bcb54b1ee452c6f, type: 3}
  - {fileID: 122392, guid: 8372b40713fd7ea418baab29f379b159, type: 3}
  - {fileID: 150644, guid: c3c4593a33afdca41bf8f118433ef7a8, type: 3}
  - {fileID: 159906, guid: 70e9f1aa4c7fb7d41be6113d4c81f480, type: 3}
  - {fileID: 197780, guid: 969b5e9b85450b24885f4dfbb1bd6e1a, type: 3}
  - {fileID: 185348, guid: 3ec1b4b3d6e2e7d43ab5e939a6a4efaf, type: 3}
  - {fileID: 150644, guid: c3c4593a33afdca41bf8f118433ef7a8, type: 3}
  - {fileID: 159906, guid: 70e9f1aa4c7fb7d41be6113d4c81f480, type: 3}
  - {fileID: 185348, guid: 3ec1b4b3d6e2e7d43ab5e939a6a4efaf, type: 3}
  - {fileID: 139566, guid: d1f30418b6f58c74593aa62ee6a7f366, type: 3}
  - {fileID: 188402, guid: 56113c2c832679047939f1c450b36cb1, type: 3}
  - {fileID: 129692, guid: 75e1f9fe4f7dd414f8d149d7e039e0b7, type: 3}
  - {fileID: 154306, guid: c65b402a816b9e549b14ac2622533f18, type: 3}
  - {fileID: 131884, guid: 6e589e476af74be46b5beb1903b20709, type: 3}
  - {fileID: 125966, guid: c42bce60b380ed844a5ada8186b26883, type: 3}
  - {fileID: 124912, guid: 9b751d0bf8f2f2a468b9d463c6891c33, type: 3}
  - {fileID: 164724, guid: 57b5a8d7200e33a4a8e96e1331c237eb, type: 3}
  - {fileID: 189404, guid: 5c4123c1519a02f488bc09c444eb71d5, type: 3}
  - {fileID: 116776, guid: a0f8bf9aa5e286445b1e45bcd44caa42, type: 3}
  - {fileID: 104360, guid: c9ead191e9c47a247a2714331b5e64cc, type: 3}
  _radius: 75
  _speed: 25
--- !u!114 &3700750584708244082
MonoBehaviour:
  m_ObjectHideFlags: 0
  m_CorrespondingSourceObject: {fileID: 0}
  m_PrefabInstance: {fileID: 0}
  m_PrefabAsset: {fileID: 0}
  m_GameObject: {fileID: 7311099624838610124}
  m_Enabled: 1
  m_EditorHideFlags: 0
  m_Script: {fileID: 11500000, guid: 2777fc89772d3de4c9fcc148938a1366, type: 3}
  m_Name: 
  m_EditorClassIdentifier: 
  _material: 2
--- !u!1001 &672258731998338383
PrefabInstance:
  m_ObjectHideFlags: 0
  serializedVersion: 2
  m_Modification:
    m_TransformParent: {fileID: 4843956079618603328}
    m_Modifications:
    - target: {fileID: 104046, guid: a1e91eddcc34aad4da9a88e1dec8e739, type: 3}
      propertyPath: m_Name
      value: Washing_Basket_2_Prefab
      objectReference: {fileID: 0}
    - target: {fileID: 104046, guid: a1e91eddcc34aad4da9a88e1dec8e739, type: 3}
      propertyPath: m_StaticEditorFlags
      value: 0
      objectReference: {fileID: 0}
    - target: {fileID: 147468, guid: a1e91eddcc34aad4da9a88e1dec8e739, type: 3}
      propertyPath: m_StaticEditorFlags
      value: 0
      objectReference: {fileID: 0}
    - target: {fileID: 195408, guid: a1e91eddcc34aad4da9a88e1dec8e739, type: 3}
      propertyPath: m_StaticEditorFlags
      value: 0
      objectReference: {fileID: 0}
    - target: {fileID: 476754, guid: a1e91eddcc34aad4da9a88e1dec8e739, type: 3}
      propertyPath: m_RootOrder
      value: 8
      objectReference: {fileID: 0}
    - target: {fileID: 476754, guid: a1e91eddcc34aad4da9a88e1dec8e739, type: 3}
      propertyPath: m_LocalPosition.x
      value: -2.31
      objectReference: {fileID: 0}
    - target: {fileID: 476754, guid: a1e91eddcc34aad4da9a88e1dec8e739, type: 3}
      propertyPath: m_LocalPosition.y
      value: -0.09
      objectReference: {fileID: 0}
    - target: {fileID: 476754, guid: a1e91eddcc34aad4da9a88e1dec8e739, type: 3}
      propertyPath: m_LocalPosition.z
      value: 0.03
      objectReference: {fileID: 0}
    - target: {fileID: 476754, guid: a1e91eddcc34aad4da9a88e1dec8e739, type: 3}
      propertyPath: m_LocalRotation.w
      value: 0.8566825
      objectReference: {fileID: 0}
    - target: {fileID: 476754, guid: a1e91eddcc34aad4da9a88e1dec8e739, type: 3}
      propertyPath: m_LocalRotation.x
      value: -0.31443223
      objectReference: {fileID: 0}
    - target: {fileID: 476754, guid: a1e91eddcc34aad4da9a88e1dec8e739, type: 3}
      propertyPath: m_LocalRotation.y
      value: -0.077335216
      objectReference: {fileID: 0}
    - target: {fileID: 476754, guid: a1e91eddcc34aad4da9a88e1dec8e739, type: 3}
      propertyPath: m_LocalRotation.z
      value: 0.4015554
      objectReference: {fileID: 0}
    - target: {fileID: 476754, guid: a1e91eddcc34aad4da9a88e1dec8e739, type: 3}
      propertyPath: m_LocalEulerAnglesHint.x
      value: -28.465002
      objectReference: {fileID: 0}
    - target: {fileID: 476754, guid: a1e91eddcc34aad4da9a88e1dec8e739, type: 3}
      propertyPath: m_LocalEulerAnglesHint.y
      value: -25.975
      objectReference: {fileID: 0}
    - target: {fileID: 476754, guid: a1e91eddcc34aad4da9a88e1dec8e739, type: 3}
      propertyPath: m_LocalEulerAnglesHint.z
      value: 56.924004
      objectReference: {fileID: 0}
    m_RemovedComponents:
    - {fileID: -8091082993908695498, guid: a1e91eddcc34aad4da9a88e1dec8e739, type: 3}
    - {fileID: 4111624679741856419, guid: a1e91eddcc34aad4da9a88e1dec8e739, type: 3}
    - {fileID: 6541642, guid: a1e91eddcc34aad4da9a88e1dec8e739, type: 3}
  m_SourcePrefab: {fileID: 100100000, guid: a1e91eddcc34aad4da9a88e1dec8e739, type: 3}
--- !u!4 &672258731998518045 stripped
Transform:
  m_CorrespondingSourceObject: {fileID: 476754, guid: a1e91eddcc34aad4da9a88e1dec8e739,
    type: 3}
  m_PrefabInstance: {fileID: 672258731998338383}
  m_PrefabAsset: {fileID: 0}
--- !u!1001 &1169157791021188408
PrefabInstance:
  m_ObjectHideFlags: 0
  serializedVersion: 2
  m_Modification:
    m_TransformParent: {fileID: 4843956079618603328}
    m_Modifications:
    - target: {fileID: 131884, guid: 6e589e476af74be46b5beb1903b20709, type: 3}
      propertyPath: m_Name
      value: TrashBag_Black_Prefab
      objectReference: {fileID: 0}
    - target: {fileID: 131884, guid: 6e589e476af74be46b5beb1903b20709, type: 3}
      propertyPath: m_StaticEditorFlags
      value: 0
      objectReference: {fileID: 0}
    - target: {fileID: 417090, guid: 6e589e476af74be46b5beb1903b20709, type: 3}
      propertyPath: m_RootOrder
      value: 9
      objectReference: {fileID: 0}
    - target: {fileID: 417090, guid: 6e589e476af74be46b5beb1903b20709, type: 3}
      propertyPath: m_LocalScale.x
      value: 0.060000002
      objectReference: {fileID: 0}
    - target: {fileID: 417090, guid: 6e589e476af74be46b5beb1903b20709, type: 3}
      propertyPath: m_LocalScale.z
      value: 0.060000006
      objectReference: {fileID: 0}
    - target: {fileID: 417090, guid: 6e589e476af74be46b5beb1903b20709, type: 3}
      propertyPath: m_LocalPosition.x
      value: -2.83
      objectReference: {fileID: 0}
    - target: {fileID: 417090, guid: 6e589e476af74be46b5beb1903b20709, type: 3}
      propertyPath: m_LocalPosition.y
      value: 0.51
      objectReference: {fileID: 0}
    - target: {fileID: 417090, guid: 6e589e476af74be46b5beb1903b20709, type: 3}
      propertyPath: m_LocalPosition.z
      value: 0.18
      objectReference: {fileID: 0}
    - target: {fileID: 417090, guid: 6e589e476af74be46b5beb1903b20709, type: 3}
      propertyPath: m_LocalRotation.w
      value: -0.3397589
      objectReference: {fileID: 0}
    - target: {fileID: 417090, guid: 6e589e476af74be46b5beb1903b20709, type: 3}
      propertyPath: m_LocalRotation.x
      value: 0.28248128
      objectReference: {fileID: 0}
    - target: {fileID: 417090, guid: 6e589e476af74be46b5beb1903b20709, type: 3}
      propertyPath: m_LocalRotation.y
      value: 0.71708494
      objectReference: {fileID: 0}
    - target: {fileID: 417090, guid: 6e589e476af74be46b5beb1903b20709, type: 3}
      propertyPath: m_LocalRotation.z
      value: 0.53903383
      objectReference: {fileID: 0}
    - target: {fileID: 417090, guid: 6e589e476af74be46b5beb1903b20709, type: 3}
      propertyPath: m_LocalEulerAnglesHint.x
      value: 254.8
      objectReference: {fileID: 0}
    - target: {fileID: 417090, guid: 6e589e476af74be46b5beb1903b20709, type: 3}
      propertyPath: m_LocalEulerAnglesHint.y
      value: 44.184998
      objectReference: {fileID: 0}
    - target: {fileID: 417090, guid: 6e589e476af74be46b5beb1903b20709, type: 3}
      propertyPath: m_LocalEulerAnglesHint.z
      value: 548.52
      objectReference: {fileID: 0}
    m_RemovedComponents:
    - {fileID: -2408138357700535689, guid: 6e589e476af74be46b5beb1903b20709, type: 3}
    - {fileID: -884740159719342464, guid: 6e589e476af74be46b5beb1903b20709, type: 3}
    - {fileID: 6524028, guid: 6e589e476af74be46b5beb1903b20709, type: 3}
  m_SourcePrefab: {fileID: 100100000, guid: 6e589e476af74be46b5beb1903b20709, type: 3}
--- !u!4 &1169157791021308026 stripped
Transform:
  m_CorrespondingSourceObject: {fileID: 417090, guid: 6e589e476af74be46b5beb1903b20709,
    type: 3}
  m_PrefabInstance: {fileID: 1169157791021188408}
  m_PrefabAsset: {fileID: 0}
--- !u!1001 &1567999893495026909
PrefabInstance:
  m_ObjectHideFlags: 0
  serializedVersion: 2
  m_Modification:
    m_TransformParent: {fileID: 4843956079618603328}
    m_Modifications:
    - target: {fileID: 4530445044504179044, guid: 54bc144fbb945a14d9dfdb51f9afcd53,
        type: 3}
      propertyPath: m_Name
      value: Smoke
      objectReference: {fileID: 0}
    - target: {fileID: 4768143380643707721, guid: 54bc144fbb945a14d9dfdb51f9afcd53,
        type: 3}
      propertyPath: m_RootOrder
      value: 11
      objectReference: {fileID: 0}
    - target: {fileID: 4768143380643707721, guid: 54bc144fbb945a14d9dfdb51f9afcd53,
        type: 3}
      propertyPath: m_LocalPosition.x
      value: 0
      objectReference: {fileID: 0}
    - target: {fileID: 4768143380643707721, guid: 54bc144fbb945a14d9dfdb51f9afcd53,
        type: 3}
      propertyPath: m_LocalPosition.y
      value: -1.43
      objectReference: {fileID: 0}
    - target: {fileID: 4768143380643707721, guid: 54bc144fbb945a14d9dfdb51f9afcd53,
        type: 3}
      propertyPath: m_LocalPosition.z
      value: 1.62
      objectReference: {fileID: 0}
    - target: {fileID: 4768143380643707721, guid: 54bc144fbb945a14d9dfdb51f9afcd53,
        type: 3}
      propertyPath: m_LocalRotation.w
      value: 1
      objectReference: {fileID: 0}
    - target: {fileID: 4768143380643707721, guid: 54bc144fbb945a14d9dfdb51f9afcd53,
        type: 3}
      propertyPath: m_LocalRotation.x
      value: 0
      objectReference: {fileID: 0}
    - target: {fileID: 4768143380643707721, guid: 54bc144fbb945a14d9dfdb51f9afcd53,
        type: 3}
      propertyPath: m_LocalRotation.y
      value: 0
      objectReference: {fileID: 0}
    - target: {fileID: 4768143380643707721, guid: 54bc144fbb945a14d9dfdb51f9afcd53,
        type: 3}
      propertyPath: m_LocalRotation.z
      value: 0
      objectReference: {fileID: 0}
    - target: {fileID: 4768143380643707721, guid: 54bc144fbb945a14d9dfdb51f9afcd53,
        type: 3}
      propertyPath: m_LocalEulerAnglesHint.x
      value: 0
      objectReference: {fileID: 0}
    - target: {fileID: 4768143380643707721, guid: 54bc144fbb945a14d9dfdb51f9afcd53,
        type: 3}
      propertyPath: m_LocalEulerAnglesHint.y
      value: 0
      objectReference: {fileID: 0}
    - target: {fileID: 4768143380643707721, guid: 54bc144fbb945a14d9dfdb51f9afcd53,
        type: 3}
      propertyPath: m_LocalEulerAnglesHint.z
      value: 0
      objectReference: {fileID: 0}
    m_RemovedComponents: []
  m_SourcePrefab: {fileID: 100100000, guid: 54bc144fbb945a14d9dfdb51f9afcd53, type: 3}
--- !u!4 &6334733697513353108 stripped
Transform:
  m_CorrespondingSourceObject: {fileID: 4768143380643707721, guid: 54bc144fbb945a14d9dfdb51f9afcd53,
    type: 3}
  m_PrefabInstance: {fileID: 1567999893495026909}
  m_PrefabAsset: {fileID: 0}
--- !u!1001 &3455228622819053748
PrefabInstance:
  m_ObjectHideFlags: 0
  serializedVersion: 2
  m_Modification:
    m_TransformParent: {fileID: 4843956079618603328}
    m_Modifications:
    - target: {fileID: 189404, guid: 5c4123c1519a02f488bc09c444eb71d5, type: 3}
      propertyPath: m_Name
      value: Wooden_Box_Large_2_Prefab
      objectReference: {fileID: 0}
    - target: {fileID: 189404, guid: 5c4123c1519a02f488bc09c444eb71d5, type: 3}
      propertyPath: m_StaticEditorFlags
      value: 0
      objectReference: {fileID: 0}
    - target: {fileID: 431660, guid: 5c4123c1519a02f488bc09c444eb71d5, type: 3}
      propertyPath: m_RootOrder
      value: 10
      objectReference: {fileID: 0}
    - target: {fileID: 431660, guid: 5c4123c1519a02f488bc09c444eb71d5, type: 3}
      propertyPath: m_LocalScale.y
      value: 0.050000004
      objectReference: {fileID: 0}
    - target: {fileID: 431660, guid: 5c4123c1519a02f488bc09c444eb71d5, type: 3}
      propertyPath: m_LocalScale.z
      value: 0.050000004
      objectReference: {fileID: 0}
    - target: {fileID: 431660, guid: 5c4123c1519a02f488bc09c444eb71d5, type: 3}
      propertyPath: m_LocalPosition.x
      value: 0
      objectReference: {fileID: 0}
    - target: {fileID: 431660, guid: 5c4123c1519a02f488bc09c444eb71d5, type: 3}
      propertyPath: m_LocalPosition.y
      value: 2.83
      objectReference: {fileID: 0}
    - target: {fileID: 431660, guid: 5c4123c1519a02f488bc09c444eb71d5, type: 3}
      propertyPath: m_LocalPosition.z
      value: -1.23
      objectReference: {fileID: 0}
    - target: {fileID: 431660, guid: 5c4123c1519a02f488bc09c444eb71d5, type: 3}
      propertyPath: m_LocalRotation.w
      value: 0.6256592
      objectReference: {fileID: 0}
    - target: {fileID: 431660, guid: 5c4123c1519a02f488bc09c444eb71d5, type: 3}
      propertyPath: m_LocalRotation.x
      value: -0.726805
      objectReference: {fileID: 0}
    - target: {fileID: 431660, guid: 5c4123c1519a02f488bc09c444eb71d5, type: 3}
      propertyPath: m_LocalRotation.y
      value: 0.018789297
      objectReference: {fileID: 0}
    - target: {fileID: 431660, guid: 5c4123c1519a02f488bc09c444eb71d5, type: 3}
      propertyPath: m_LocalRotation.z
      value: -0.28275803
      objectReference: {fileID: 0}
    - target: {fileID: 431660, guid: 5c4123c1519a02f488bc09c444eb71d5, type: 3}
      propertyPath: m_LocalEulerAnglesHint.x
      value: 295.994
      objectReference: {fileID: 0}
    - target: {fileID: 431660, guid: 5c4123c1519a02f488bc09c444eb71d5, type: 3}
      propertyPath: m_LocalEulerAnglesHint.y
      value: 97.49901
      objectReference: {fileID: 0}
    - target: {fileID: 431660, guid: 5c4123c1519a02f488bc09c444eb71d5, type: 3}
      propertyPath: m_LocalEulerAnglesHint.z
      value: 240.413
      objectReference: {fileID: 0}
    m_RemovedComponents:
    - {fileID: -2063352484402231010, guid: 5c4123c1519a02f488bc09c444eb71d5, type: 3}
    - {fileID: 6109343714190376057, guid: 5c4123c1519a02f488bc09c444eb71d5, type: 3}
    - {fileID: 6518730, guid: 5c4123c1519a02f488bc09c444eb71d5, type: 3}
  m_SourcePrefab: {fileID: 100100000, guid: 5c4123c1519a02f488bc09c444eb71d5, type: 3}
--- !u!4 &3455228622818952856 stripped
Transform:
  m_CorrespondingSourceObject: {fileID: 431660, guid: 5c4123c1519a02f488bc09c444eb71d5,
    type: 3}
  m_PrefabInstance: {fileID: 3455228622819053748}
  m_PrefabAsset: {fileID: 0}
--- !u!1001 &3597405638464616088
PrefabInstance:
  m_ObjectHideFlags: 0
  serializedVersion: 2
  m_Modification:
    m_TransformParent: {fileID: 4843956079618603328}
    m_Modifications:
    - target: {fileID: 129692, guid: 75e1f9fe4f7dd414f8d149d7e039e0b7, type: 3}
      propertyPath: m_Name
      value: Single_Plank_3_Prefab
      objectReference: {fileID: 0}
    - target: {fileID: 129692, guid: 75e1f9fe4f7dd414f8d149d7e039e0b7, type: 3}
      propertyPath: m_StaticEditorFlags
      value: 0
      objectReference: {fileID: 0}
    - target: {fileID: 401872, guid: 75e1f9fe4f7dd414f8d149d7e039e0b7, type: 3}
      propertyPath: m_RootOrder
      value: 7
      objectReference: {fileID: 0}
    - target: {fileID: 401872, guid: 75e1f9fe4f7dd414f8d149d7e039e0b7, type: 3}
      propertyPath: m_LocalScale.y
      value: 0.050000004
      objectReference: {fileID: 0}
    - target: {fileID: 401872, guid: 75e1f9fe4f7dd414f8d149d7e039e0b7, type: 3}
      propertyPath: m_LocalScale.z
      value: 0.050000004
      objectReference: {fileID: 0}
    - target: {fileID: 401872, guid: 75e1f9fe4f7dd414f8d149d7e039e0b7, type: 3}
      propertyPath: m_LocalPosition.x
      value: -1.82
      objectReference: {fileID: 0}
    - target: {fileID: 401872, guid: 75e1f9fe4f7dd414f8d149d7e039e0b7, type: 3}
      propertyPath: m_LocalPosition.y
      value: 3.01
      objectReference: {fileID: 0}
    - target: {fileID: 401872, guid: 75e1f9fe4f7dd414f8d149d7e039e0b7, type: 3}
      propertyPath: m_LocalPosition.z
      value: 0.27
      objectReference: {fileID: 0}
    - target: {fileID: 401872, guid: 75e1f9fe4f7dd414f8d149d7e039e0b7, type: 3}
      propertyPath: m_LocalRotation.w
      value: 0.1208945
      objectReference: {fileID: 0}
    - target: {fileID: 401872, guid: 75e1f9fe4f7dd414f8d149d7e039e0b7, type: 3}
      propertyPath: m_LocalRotation.x
      value: -0.21776232
      objectReference: {fileID: 0}
    - target: {fileID: 401872, guid: 75e1f9fe4f7dd414f8d149d7e039e0b7, type: 3}
      propertyPath: m_LocalRotation.y
      value: -0.43961605
      objectReference: {fileID: 0}
    - target: {fileID: 401872, guid: 75e1f9fe4f7dd414f8d149d7e039e0b7, type: 3}
      propertyPath: m_LocalRotation.z
      value: -0.8629612
      objectReference: {fileID: 0}
    - target: {fileID: 401872, guid: 75e1f9fe4f7dd414f8d149d7e039e0b7, type: 3}
      propertyPath: m_LocalEulerAnglesHint.x
      value: 305.767
      objectReference: {fileID: 0}
    - target: {fileID: 401872, guid: 75e1f9fe4f7dd414f8d149d7e039e0b7, type: 3}
      propertyPath: m_LocalEulerAnglesHint.y
      value: 27.462002
      objectReference: {fileID: 0}
    - target: {fileID: 401872, guid: 75e1f9fe4f7dd414f8d149d7e039e0b7, type: 3}
      propertyPath: m_LocalEulerAnglesHint.z
      value: 181.685
      objectReference: {fileID: 0}
    m_RemovedComponents:
    - {fileID: -3293348562959321872, guid: 75e1f9fe4f7dd414f8d149d7e039e0b7, type: 3}
    - {fileID: -4814328174767479496, guid: 75e1f9fe4f7dd414f8d149d7e039e0b7, type: 3}
    - {fileID: 6545104, guid: 75e1f9fe4f7dd414f8d149d7e039e0b7, type: 3}
  m_SourcePrefab: {fileID: 100100000, guid: 75e1f9fe4f7dd414f8d149d7e039e0b7, type: 3}
--- !u!4 &3597405638464739144 stripped
Transform:
  m_CorrespondingSourceObject: {fileID: 401872, guid: 75e1f9fe4f7dd414f8d149d7e039e0b7,
    type: 3}
  m_PrefabInstance: {fileID: 3597405638464616088}
  m_PrefabAsset: {fileID: 0}
--- !u!1001 &4078664618815792729
PrefabInstance:
  m_ObjectHideFlags: 0
  serializedVersion: 2
  m_Modification:
    m_TransformParent: {fileID: 4843956079618603328}
    m_Modifications:
    - target: {fileID: 112204, guid: 70f70f8d2427f2b48ac112e913a7e229, type: 3}
      propertyPath: m_Name
      value: Bucket_Prefab
      objectReference: {fileID: 0}
    - target: {fileID: 112204, guid: 70f70f8d2427f2b48ac112e913a7e229, type: 3}
      propertyPath: m_StaticEditorFlags
      value: 0
      objectReference: {fileID: 0}
    - target: {fileID: 425472, guid: 70f70f8d2427f2b48ac112e913a7e229, type: 3}
      propertyPath: m_RootOrder
      value: 1
      objectReference: {fileID: 0}
    - target: {fileID: 425472, guid: 70f70f8d2427f2b48ac112e913a7e229, type: 3}
      propertyPath: m_LocalScale.y
      value: 0.050000004
      objectReference: {fileID: 0}
    - target: {fileID: 425472, guid: 70f70f8d2427f2b48ac112e913a7e229, type: 3}
      propertyPath: m_LocalScale.z
      value: 0.050000004
      objectReference: {fileID: 0}
    - target: {fileID: 425472, guid: 70f70f8d2427f2b48ac112e913a7e229, type: 3}
      propertyPath: m_LocalPosition.x
      value: 0
      objectReference: {fileID: 0}
    - target: {fileID: 425472, guid: 70f70f8d2427f2b48ac112e913a7e229, type: 3}
      propertyPath: m_LocalPosition.y
      value: 0
      objectReference: {fileID: 0}
    - target: {fileID: 425472, guid: 70f70f8d2427f2b48ac112e913a7e229, type: 3}
      propertyPath: m_LocalPosition.z
      value: -1.54
      objectReference: {fileID: 0}
    - target: {fileID: 425472, guid: 70f70f8d2427f2b48ac112e913a7e229, type: 3}
      propertyPath: m_LocalRotation.w
      value: 0.7071068
      objectReference: {fileID: 0}
    - target: {fileID: 425472, guid: 70f70f8d2427f2b48ac112e913a7e229, type: 3}
      propertyPath: m_LocalRotation.x
      value: -0.7071068
      objectReference: {fileID: 0}
    - target: {fileID: 425472, guid: 70f70f8d2427f2b48ac112e913a7e229, type: 3}
      propertyPath: m_LocalRotation.y
      value: -0
      objectReference: {fileID: 0}
    - target: {fileID: 425472, guid: 70f70f8d2427f2b48ac112e913a7e229, type: 3}
      propertyPath: m_LocalRotation.z
      value: -0
      objectReference: {fileID: 0}
    - target: {fileID: 425472, guid: 70f70f8d2427f2b48ac112e913a7e229, type: 3}
      propertyPath: m_LocalEulerAnglesHint.x
      value: 270
      objectReference: {fileID: 0}
    - target: {fileID: 425472, guid: 70f70f8d2427f2b48ac112e913a7e229, type: 3}
      propertyPath: m_LocalEulerAnglesHint.y
      value: 0
      objectReference: {fileID: 0}
    - target: {fileID: 425472, guid: 70f70f8d2427f2b48ac112e913a7e229, type: 3}
      propertyPath: m_LocalEulerAnglesHint.z
      value: 0
      objectReference: {fileID: 0}
    m_RemovedComponents:
    - {fileID: -4269720610604512337, guid: 70f70f8d2427f2b48ac112e913a7e229, type: 3}
    - {fileID: -8912313473707104585, guid: 70f70f8d2427f2b48ac112e913a7e229, type: 3}
    - {fileID: 13634114, guid: 70f70f8d2427f2b48ac112e913a7e229, type: 3}
  m_SourcePrefab: {fileID: 100100000, guid: 70f70f8d2427f2b48ac112e913a7e229, type: 3}
--- !u!4 &4078664618816198745 stripped
Transform:
  m_CorrespondingSourceObject: {fileID: 425472, guid: 70f70f8d2427f2b48ac112e913a7e229,
    type: 3}
  m_PrefabInstance: {fileID: 4078664618815792729}
  m_PrefabAsset: {fileID: 0}
--- !u!1001 &4409546359301498908
PrefabInstance:
  m_ObjectHideFlags: 0
  serializedVersion: 2
  m_Modification:
    m_TransformParent: {fileID: 4843956079618603328}
    m_Modifications:
    - target: {fileID: 185348, guid: 3ec1b4b3d6e2e7d43ab5e939a6a4efaf, type: 3}
      propertyPath: m_Name
      value: CBox_Square_4_Prefab
      objectReference: {fileID: 0}
    - target: {fileID: 185348, guid: 3ec1b4b3d6e2e7d43ab5e939a6a4efaf, type: 3}
      propertyPath: m_StaticEditorFlags
      value: 0
      objectReference: {fileID: 0}
    - target: {fileID: 402560, guid: 3ec1b4b3d6e2e7d43ab5e939a6a4efaf, type: 3}
      propertyPath: m_RootOrder
      value: 3
      objectReference: {fileID: 0}
    - target: {fileID: 402560, guid: 3ec1b4b3d6e2e7d43ab5e939a6a4efaf, type: 3}
      propertyPath: m_LocalPosition.x
      value: -1.66
      objectReference: {fileID: 0}
    - target: {fileID: 402560, guid: 3ec1b4b3d6e2e7d43ab5e939a6a4efaf, type: 3}
      propertyPath: m_LocalPosition.y
      value: 0
      objectReference: {fileID: 0}
    - target: {fileID: 402560, guid: 3ec1b4b3d6e2e7d43ab5e939a6a4efaf, type: 3}
      propertyPath: m_LocalPosition.z
      value: -1.06
      objectReference: {fileID: 0}
    - target: {fileID: 402560, guid: 3ec1b4b3d6e2e7d43ab5e939a6a4efaf, type: 3}
      propertyPath: m_LocalRotation.w
      value: 0.5550867
      objectReference: {fileID: 0}
    - target: {fileID: 402560, guid: 3ec1b4b3d6e2e7d43ab5e939a6a4efaf, type: 3}
      propertyPath: m_LocalRotation.x
      value: -0.7502808
      objectReference: {fileID: 0}
    - target: {fileID: 402560, guid: 3ec1b4b3d6e2e7d43ab5e939a6a4efaf, type: 3}
      propertyPath: m_LocalRotation.y
      value: -0.22064452
      objectReference: {fileID: 0}
    - target: {fileID: 402560, guid: 3ec1b4b3d6e2e7d43ab5e939a6a4efaf, type: 3}
      propertyPath: m_LocalRotation.z
      value: 0.28332594
      objectReference: {fileID: 0}
    - target: {fileID: 402560, guid: 3ec1b4b3d6e2e7d43ab5e939a6a4efaf, type: 3}
      propertyPath: m_LocalEulerAnglesHint.x
      value: 314.935
      objectReference: {fileID: 0}
    - target: {fileID: 402560, guid: 3ec1b4b3d6e2e7d43ab5e939a6a4efaf, type: 3}
      propertyPath: m_LocalEulerAnglesHint.y
      value: 251.577
      objectReference: {fileID: 0}
    - target: {fileID: 402560, guid: 3ec1b4b3d6e2e7d43ab5e939a6a4efaf, type: 3}
      propertyPath: m_LocalEulerAnglesHint.z
      value: 113.921005
      objectReference: {fileID: 0}
    m_RemovedComponents:
    - {fileID: -3345360697596690775, guid: 3ec1b4b3d6e2e7d43ab5e939a6a4efaf, type: 3}
    - {fileID: -7260580555661753964, guid: 3ec1b4b3d6e2e7d43ab5e939a6a4efaf, type: 3}
    - {fileID: 6599914, guid: 3ec1b4b3d6e2e7d43ab5e939a6a4efaf, type: 3}
  m_SourcePrefab: {fileID: 100100000, guid: 3ec1b4b3d6e2e7d43ab5e939a6a4efaf, type: 3}
--- !u!4 &4409546359301885084 stripped
Transform:
  m_CorrespondingSourceObject: {fileID: 402560, guid: 3ec1b4b3d6e2e7d43ab5e939a6a4efaf,
    type: 3}
  m_PrefabInstance: {fileID: 4409546359301498908}
  m_PrefabAsset: {fileID: 0}
--- !u!1001 &5783202168076763597
PrefabInstance:
  m_ObjectHideFlags: 0
  serializedVersion: 2
  m_Modification:
    m_TransformParent: {fileID: 4843956079618603328}
    m_Modifications:
    - target: {fileID: 137936, guid: 831f70a16b5d9de4cb48a81a9cd1387b, type: 3}
      propertyPath: m_Name
      value: Plastic_Container_Yellow_Prefab
      objectReference: {fileID: 0}
    - target: {fileID: 137936, guid: 831f70a16b5d9de4cb48a81a9cd1387b, type: 3}
      propertyPath: m_StaticEditorFlags
      value: 0
      objectReference: {fileID: 0}
    - target: {fileID: 481654, guid: 831f70a16b5d9de4cb48a81a9cd1387b, type: 3}
      propertyPath: m_RootOrder
      value: 6
      objectReference: {fileID: 0}
    - target: {fileID: 481654, guid: 831f70a16b5d9de4cb48a81a9cd1387b, type: 3}
      propertyPath: m_LocalScale.x
      value: 0.0392285
      objectReference: {fileID: 0}
    - target: {fileID: 481654, guid: 831f70a16b5d9de4cb48a81a9cd1387b, type: 3}
      propertyPath: m_LocalScale.y
      value: 0.039228503
      objectReference: {fileID: 0}
    - target: {fileID: 481654, guid: 831f70a16b5d9de4cb48a81a9cd1387b, type: 3}
      propertyPath: m_LocalScale.z
      value: 0.039228503
      objectReference: {fileID: 0}
    - target: {fileID: 481654, guid: 831f70a16b5d9de4cb48a81a9cd1387b, type: 3}
      propertyPath: m_LocalPosition.x
      value: -0.39
      objectReference: {fileID: 0}
    - target: {fileID: 481654, guid: 831f70a16b5d9de4cb48a81a9cd1387b, type: 3}
      propertyPath: m_LocalPosition.y
      value: 1.49
      objectReference: {fileID: 0}
    - target: {fileID: 481654, guid: 831f70a16b5d9de4cb48a81a9cd1387b, type: 3}
      propertyPath: m_LocalPosition.z
      value: 1.9
      objectReference: {fileID: 0}
    - target: {fileID: 481654, guid: 831f70a16b5d9de4cb48a81a9cd1387b, type: 3}
      propertyPath: m_LocalRotation.w
      value: 0.76303583
      objectReference: {fileID: 0}
    - target: {fileID: 481654, guid: 831f70a16b5d9de4cb48a81a9cd1387b, type: 3}
      propertyPath: m_LocalRotation.x
      value: -0.47983286
      objectReference: {fileID: 0}
    - target: {fileID: 481654, guid: 831f70a16b5d9de4cb48a81a9cd1387b, type: 3}
      propertyPath: m_LocalRotation.y
      value: -0.23445669
      objectReference: {fileID: 0}
    - target: {fileID: 481654, guid: 831f70a16b5d9de4cb48a81a9cd1387b, type: 3}
      propertyPath: m_LocalRotation.z
      value: -0.3640972
      objectReference: {fileID: 0}
    - target: {fileID: 481654, guid: 831f70a16b5d9de4cb48a81a9cd1387b, type: 3}
      propertyPath: m_LocalEulerAnglesHint.x
      value: 295.44598
      objectReference: {fileID: 0}
    - target: {fileID: 481654, guid: 831f70a16b5d9de4cb48a81a9cd1387b, type: 3}
      propertyPath: m_LocalEulerAnglesHint.y
      value: -1.118
      objectReference: {fileID: 0}
    - target: {fileID: 481654, guid: 831f70a16b5d9de4cb48a81a9cd1387b, type: 3}
      propertyPath: m_LocalEulerAnglesHint.z
      value: 309.688
      objectReference: {fileID: 0}
    m_RemovedComponents:
    - {fileID: 6546967432909942683, guid: 831f70a16b5d9de4cb48a81a9cd1387b, type: 3}
    - {fileID: -2596543839338365785, guid: 831f70a16b5d9de4cb48a81a9cd1387b, type: 3}
    - {fileID: 6523892, guid: 831f70a16b5d9de4cb48a81a9cd1387b, type: 3}
  m_SourcePrefab: {fileID: 100100000, guid: 831f70a16b5d9de4cb48a81a9cd1387b, type: 3}
--- !u!4 &5783202168076720315 stripped
Transform:
  m_CorrespondingSourceObject: {fileID: 481654, guid: 831f70a16b5d9de4cb48a81a9cd1387b,
    type: 3}
  m_PrefabInstance: {fileID: 5783202168076763597}
  m_PrefabAsset: {fileID: 0}
--- !u!1001 &5807877353746348038
PrefabInstance:
  m_ObjectHideFlags: 0
  serializedVersion: 2
  m_Modification:
    m_TransformParent: {fileID: 4843956079618603328}
    m_Modifications:
    - target: {fileID: 182862, guid: fdb6c49999bcf3844847f2960f8779cf, type: 3}
      propertyPath: m_Name
      value: Bin_Large_Prefab
      objectReference: {fileID: 0}
    - target: {fileID: 182862, guid: fdb6c49999bcf3844847f2960f8779cf, type: 3}
      propertyPath: m_StaticEditorFlags
      value: 0
      objectReference: {fileID: 0}
    - target: {fileID: 414048, guid: fdb6c49999bcf3844847f2960f8779cf, type: 3}
      propertyPath: m_RootOrder
      value: 0
      objectReference: {fileID: 0}
    - target: {fileID: 414048, guid: fdb6c49999bcf3844847f2960f8779cf, type: 3}
      propertyPath: m_LocalPosition.x
      value: 0
      objectReference: {fileID: 0}
    - target: {fileID: 414048, guid: fdb6c49999bcf3844847f2960f8779cf, type: 3}
      propertyPath: m_LocalPosition.y
      value: 0
      objectReference: {fileID: 0}
    - target: {fileID: 414048, guid: fdb6c49999bcf3844847f2960f8779cf, type: 3}
      propertyPath: m_LocalPosition.z
      value: 0
      objectReference: {fileID: 0}
    - target: {fileID: 414048, guid: fdb6c49999bcf3844847f2960f8779cf, type: 3}
      propertyPath: m_LocalRotation.w
      value: 0.5
      objectReference: {fileID: 0}
    - target: {fileID: 414048, guid: fdb6c49999bcf3844847f2960f8779cf, type: 3}
      propertyPath: m_LocalRotation.x
      value: -0.5
      objectReference: {fileID: 0}
    - target: {fileID: 414048, guid: fdb6c49999bcf3844847f2960f8779cf, type: 3}
      propertyPath: m_LocalRotation.y
      value: -0.5
      objectReference: {fileID: 0}
    - target: {fileID: 414048, guid: fdb6c49999bcf3844847f2960f8779cf, type: 3}
      propertyPath: m_LocalRotation.z
      value: -0.5
      objectReference: {fileID: 0}
    - target: {fileID: 414048, guid: fdb6c49999bcf3844847f2960f8779cf, type: 3}
      propertyPath: m_LocalEulerAnglesHint.x
      value: 270
      objectReference: {fileID: 0}
    - target: {fileID: 414048, guid: fdb6c49999bcf3844847f2960f8779cf, type: 3}
      propertyPath: m_LocalEulerAnglesHint.y
      value: 270
      objectReference: {fileID: 0}
    - target: {fileID: 414048, guid: fdb6c49999bcf3844847f2960f8779cf, type: 3}
      propertyPath: m_LocalEulerAnglesHint.z
      value: 0
      objectReference: {fileID: 0}
    m_RemovedComponents:
    - {fileID: 6522762, guid: fdb6c49999bcf3844847f2960f8779cf, type: 3}
    - {fileID: 1034941190931245162, guid: fdb6c49999bcf3844847f2960f8779cf, type: 3}
    - {fileID: -287969507221187299, guid: fdb6c49999bcf3844847f2960f8779cf, type: 3}
  m_SourcePrefab: {fileID: 100100000, guid: fdb6c49999bcf3844847f2960f8779cf, type: 3}
--- !u!4 &5807877353745967462 stripped
Transform:
  m_CorrespondingSourceObject: {fileID: 414048, guid: fdb6c49999bcf3844847f2960f8779cf,
    type: 3}
  m_PrefabInstance: {fileID: 5807877353746348038}
  m_PrefabAsset: {fileID: 0}
--- !u!1001 &7831846103396357800
PrefabInstance:
  m_ObjectHideFlags: 0
  serializedVersion: 2
  m_Modification:
    m_TransformParent: {fileID: 4843956079618603328}
    m_Modifications:
    - target: {fileID: 124576, guid: 00f56ee98e0573f439dc769508d47738, type: 3}
      propertyPath: m_Name
      value: HangingFlags_2_Prefab
      objectReference: {fileID: 0}
    - target: {fileID: 124576, guid: 00f56ee98e0573f439dc769508d47738, type: 3}
      propertyPath: m_StaticEditorFlags
      value: 0
      objectReference: {fileID: 0}
    - target: {fileID: 447004, guid: 00f56ee98e0573f439dc769508d47738, type: 3}
      propertyPath: m_RootOrder
      value: 4
      objectReference: {fileID: 0}
    - target: {fileID: 447004, guid: 00f56ee98e0573f439dc769508d47738, type: 3}
      propertyPath: m_LocalPosition.x
      value: -0.77
      objectReference: {fileID: 0}
    - target: {fileID: 447004, guid: 00f56ee98e0573f439dc769508d47738, type: 3}
      propertyPath: m_LocalPosition.y
      value: -0.09
      objectReference: {fileID: 0}
    - target: {fileID: 447004, guid: 00f56ee98e0573f439dc769508d47738, type: 3}
      propertyPath: m_LocalPosition.z
      value: -0.33
      objectReference: {fileID: 0}
    - target: {fileID: 447004, guid: 00f56ee98e0573f439dc769508d47738, type: 3}
      propertyPath: m_LocalRotation.w
      value: -0.000000026692543
      objectReference: {fileID: 0}
    - target: {fileID: 447004, guid: 00f56ee98e0573f439dc769508d47738, type: 3}
      propertyPath: m_LocalRotation.x
      value: 0.7071069
      objectReference: {fileID: 0}
    - target: {fileID: 447004, guid: 00f56ee98e0573f439dc769508d47738, type: 3}
      propertyPath: m_LocalRotation.y
      value: -0.70710665
      objectReference: {fileID: 0}
    - target: {fileID: 447004, guid: 00f56ee98e0573f439dc769508d47738, type: 3}
      propertyPath: m_LocalRotation.z
      value: 0.000000026692534
      objectReference: {fileID: 0}
    - target: {fileID: 447004, guid: 00f56ee98e0573f439dc769508d47738, type: 3}
      propertyPath: m_LocalEulerAnglesHint.x
      value: -1.4248885e-12
      objectReference: {fileID: 0}
    - target: {fileID: 447004, guid: 00f56ee98e0573f439dc769508d47738, type: 3}
      propertyPath: m_LocalEulerAnglesHint.y
      value: 180
      objectReference: {fileID: 0}
    - target: {fileID: 447004, guid: 00f56ee98e0573f439dc769508d47738, type: 3}
      propertyPath: m_LocalEulerAnglesHint.z
      value: 269.99997
      objectReference: {fileID: 0}
    m_RemovedComponents:
    - {fileID: 2369027514052582261, guid: 00f56ee98e0573f439dc769508d47738, type: 3}
    - {fileID: 7521756347086022549, guid: 00f56ee98e0573f439dc769508d47738, type: 3}
  m_SourcePrefab: {fileID: 100100000, guid: 00f56ee98e0573f439dc769508d47738, type: 3}
--- !u!4 &7831846103395943604 stripped
Transform:
  m_CorrespondingSourceObject: {fileID: 447004, guid: 00f56ee98e0573f439dc769508d47738,
    type: 3}
  m_PrefabInstance: {fileID: 7831846103396357800}
  m_PrefabAsset: {fileID: 0}
--- !u!1001 &8048413509637076617
PrefabInstance:
  m_ObjectHideFlags: 0
  serializedVersion: 2
  m_Modification:
    m_TransformParent: {fileID: 4843956079618603328}
    m_Modifications:
    - target: {fileID: 197338, guid: 395702cb0bd4d5e419cfd93bde68688e, type: 3}
      propertyPath: m_Name
      value: Animal_Crate_Prefab
      objectReference: {fileID: 0}
    - target: {fileID: 197338, guid: 395702cb0bd4d5e419cfd93bde68688e, type: 3}
      propertyPath: m_StaticEditorFlags
      value: 0
      objectReference: {fileID: 0}
    - target: {fileID: 459906, guid: 395702cb0bd4d5e419cfd93bde68688e, type: 3}
      propertyPath: m_RootOrder
      value: 2
      objectReference: {fileID: 0}
    - target: {fileID: 459906, guid: 395702cb0bd4d5e419cfd93bde68688e, type: 3}
      propertyPath: m_LocalScale.x
      value: 0.034419
      objectReference: {fileID: 0}
    - target: {fileID: 459906, guid: 395702cb0bd4d5e419cfd93bde68688e, type: 3}
      propertyPath: m_LocalScale.y
      value: 0.034419004
      objectReference: {fileID: 0}
    - target: {fileID: 459906, guid: 395702cb0bd4d5e419cfd93bde68688e, type: 3}
      propertyPath: m_LocalScale.z
      value: 0.034419004
      objectReference: {fileID: 0}
    - target: {fileID: 459906, guid: 395702cb0bd4d5e419cfd93bde68688e, type: 3}
      propertyPath: m_LocalPosition.x
      value: 1.88
      objectReference: {fileID: 0}
    - target: {fileID: 459906, guid: 395702cb0bd4d5e419cfd93bde68688e, type: 3}
      propertyPath: m_LocalPosition.y
      value: 0.42
      objectReference: {fileID: 0}
    - target: {fileID: 459906, guid: 395702cb0bd4d5e419cfd93bde68688e, type: 3}
      propertyPath: m_LocalPosition.z
      value: -1.14
      objectReference: {fileID: 0}
    - target: {fileID: 459906, guid: 395702cb0bd4d5e419cfd93bde68688e, type: 3}
      propertyPath: m_LocalRotation.w
      value: 0.6361968
      objectReference: {fileID: 0}
    - target: {fileID: 459906, guid: 395702cb0bd4d5e419cfd93bde68688e, type: 3}
      propertyPath: m_LocalRotation.x
      value: -0.6678873
      objectReference: {fileID: 0}
    - target: {fileID: 459906, guid: 395702cb0bd4d5e419cfd93bde68688e, type: 3}
      propertyPath: m_LocalRotation.y
      value: 0.031758
      objectReference: {fileID: 0}
    - target: {fileID: 459906, guid: 395702cb0bd4d5e419cfd93bde68688e, type: 3}
      propertyPath: m_LocalRotation.z
      value: 0.38493076
      objectReference: {fileID: 0}
    - target: {fileID: 459906, guid: 395702cb0bd4d5e419cfd93bde68688e, type: 3}
      propertyPath: m_LocalEulerAnglesHint.x
      value: 299.042
      objectReference: {fileID: 0}
    - target: {fileID: 459906, guid: 395702cb0bd4d5e419cfd93bde68688e, type: 3}
      propertyPath: m_LocalEulerAnglesHint.y
      value: 282.593
      objectReference: {fileID: 0}
    - target: {fileID: 459906, guid: 395702cb0bd4d5e419cfd93bde68688e, type: 3}
      propertyPath: m_LocalEulerAnglesHint.z
      value: 112.84701
      objectReference: {fileID: 0}
    m_RemovedComponents:
    - {fileID: 7811951960508091408, guid: 395702cb0bd4d5e419cfd93bde68688e, type: 3}
    - {fileID: 2865968914407534998, guid: 395702cb0bd4d5e419cfd93bde68688e, type: 3}
    - {fileID: 6535740, guid: 395702cb0bd4d5e419cfd93bde68688e, type: 3}
  m_SourcePrefab: {fileID: 100100000, guid: 395702cb0bd4d5e419cfd93bde68688e, type: 3}
--- !u!4 &8048413509636616715 stripped
Transform:
  m_CorrespondingSourceObject: {fileID: 459906, guid: 395702cb0bd4d5e419cfd93bde68688e,
    type: 3}
  m_PrefabInstance: {fileID: 8048413509637076617}
  m_PrefabAsset: {fileID: 0}
--- !u!1001 &8335534093737970425
PrefabInstance:
  m_ObjectHideFlags: 0
  serializedVersion: 2
  m_Modification:
    m_TransformParent: {fileID: 4843956079618603328}
    m_Modifications:
    - target: {fileID: 163662, guid: aa4800d48b3e7dd4e8e8191b0c0c8dba, type: 3}
      propertyPath: m_Name
      value: Plastic_Container_White_Prefab
      objectReference: {fileID: 0}
    - target: {fileID: 163662, guid: aa4800d48b3e7dd4e8e8191b0c0c8dba, type: 3}
      propertyPath: m_StaticEditorFlags
      value: 0
      objectReference: {fileID: 0}
    - target: {fileID: 420564, guid: aa4800d48b3e7dd4e8e8191b0c0c8dba, type: 3}
      propertyPath: m_RootOrder
      value: 5
      objectReference: {fileID: 0}
    - target: {fileID: 420564, guid: aa4800d48b3e7dd4e8e8191b0c0c8dba, type: 3}
      propertyPath: m_LocalScale.x
      value: 0.0405
      objectReference: {fileID: 0}
    - target: {fileID: 420564, guid: aa4800d48b3e7dd4e8e8191b0c0c8dba, type: 3}
      propertyPath: m_LocalScale.y
      value: 0.040500004
      objectReference: {fileID: 0}
    - target: {fileID: 420564, guid: aa4800d48b3e7dd4e8e8191b0c0c8dba, type: 3}
      propertyPath: m_LocalScale.z
      value: 0.040500004
      objectReference: {fileID: 0}
    - target: {fileID: 420564, guid: aa4800d48b3e7dd4e8e8191b0c0c8dba, type: 3}
      propertyPath: m_LocalPosition.x
      value: 0.83
      objectReference: {fileID: 0}
    - target: {fileID: 420564, guid: aa4800d48b3e7dd4e8e8191b0c0c8dba, type: 3}
      propertyPath: m_LocalPosition.y
      value: -0.03
      objectReference: {fileID: 0}
    - target: {fileID: 420564, guid: aa4800d48b3e7dd4e8e8191b0c0c8dba, type: 3}
      propertyPath: m_LocalPosition.z
      value: 1.5
      objectReference: {fileID: 0}
    - target: {fileID: 420564, guid: aa4800d48b3e7dd4e8e8191b0c0c8dba, type: 3}
      propertyPath: m_LocalRotation.w
      value: 0.7950712
      objectReference: {fileID: 0}
    - target: {fileID: 420564, guid: aa4800d48b3e7dd4e8e8191b0c0c8dba, type: 3}
      propertyPath: m_LocalRotation.x
      value: -0.49547878
      objectReference: {fileID: 0}
    - target: {fileID: 420564, guid: aa4800d48b3e7dd4e8e8191b0c0c8dba, type: 3}
      propertyPath: m_LocalRotation.y
      value: 0.3334003
      objectReference: {fileID: 0}
    - target: {fileID: 420564, guid: aa4800d48b3e7dd4e8e8191b0c0c8dba, type: 3}
      propertyPath: m_LocalRotation.z
      value: -0.105862394
      objectReference: {fileID: 0}
    - target: {fileID: 420564, guid: aa4800d48b3e7dd4e8e8191b0c0c8dba, type: 3}
      propertyPath: m_LocalEulerAnglesHint.x
      value: 314.169
      objectReference: {fileID: 0}
    - target: {fileID: 420564, guid: aa4800d48b3e7dd4e8e8191b0c0c8dba, type: 3}
      propertyPath: m_LocalEulerAnglesHint.y
      value: 65.704
      objectReference: {fileID: 0}
    - target: {fileID: 420564, guid: aa4800d48b3e7dd4e8e8191b0c0c8dba, type: 3}
      propertyPath: m_LocalEulerAnglesHint.z
      value: 314.294
      objectReference: {fileID: 0}
    m_RemovedComponents:
    - {fileID: -4435312708038356215, guid: aa4800d48b3e7dd4e8e8191b0c0c8dba, type: 3}
    - {fileID: 3598261894013574852, guid: aa4800d48b3e7dd4e8e8191b0c0c8dba, type: 3}
    - {fileID: 6593372, guid: aa4800d48b3e7dd4e8e8191b0c0c8dba, type: 3}
  m_SourcePrefab: {fileID: 100100000, guid: aa4800d48b3e7dd4e8e8191b0c0c8dba, type: 3}
--- !u!4 &8335534093738352685 stripped
Transform:
  m_CorrespondingSourceObject: {fileID: 420564, guid: aa4800d48b3e7dd4e8e8191b0c0c8dba,
    type: 3}
  m_PrefabInstance: {fileID: 8335534093737970425}
  m_PrefabAsset: {fileID: 0}
