%YAML 1.1
%TAG !u! tag:unity3d.com,2011:
--- !u!1 &139226
GameObject:
  m_ObjectHideFlags: 0
  m_CorrespondingSourceObject: {fileID: 0}
  m_PrefabInstance: {fileID: 0}
  m_PrefabAsset: {fileID: 0}
  serializedVersion: 6
  m_Component:
  - component: {fileID: 439176}
  - component: {fileID: 3383278}
  - component: {fileID: 2398848}
  - component: {fileID: 6546092}
  - component: {fileID: -7317693062146405972}
  - component: {fileID: -8343485476816604003}
  - component: {fileID: 985033886651503403}
  m_Layer: 0
  m_Name: TinCan_4_Prefab
  m_TagString: pullableObject
  m_Icon: {fileID: 0}
  m_NavMeshLayer: 0
  m_StaticEditorFlags: 0
  m_IsActive: 1
--- !u!4 &439176
Transform:
  m_ObjectHideFlags: 0
  m_CorrespondingSourceObject: {fileID: 0}
  m_PrefabInstance: {fileID: 0}
  m_PrefabAsset: {fileID: 0}
  m_GameObject: {fileID: 139226}
  m_LocalRotation: {x: 1, y: 0, z: 0, w: 0}
  m_LocalPosition: {x: 0, y: 0, z: 0}
  m_LocalScale: {x: 0.05, y: 0.05, z: 0.05}
  m_Children: []
  m_Father: {fileID: 0}
  m_RootOrder: 0
  m_LocalEulerAnglesHint: {x: -0, y: 180, z: 180}
--- !u!33 &3383278
MeshFilter:
  m_ObjectHideFlags: 0
  m_CorrespondingSourceObject: {fileID: 0}
  m_PrefabInstance: {fileID: 0}
  m_PrefabAsset: {fileID: 0}
  m_GameObject: {fileID: 139226}
  m_Mesh: {fileID: 4300000, guid: 1d7b490ff95d8354cbf1f70a6e608f92, type: 3}
--- !u!23 &2398848
MeshRenderer:
  m_ObjectHideFlags: 0
  m_CorrespondingSourceObject: {fileID: 0}
  m_PrefabInstance: {fileID: 0}
  m_PrefabAsset: {fileID: 0}
  m_GameObject: {fileID: 139226}
  m_Enabled: 1
  m_CastShadows: 1
  m_ReceiveShadows: 1
  m_DynamicOccludee: 1
  m_MotionVectors: 1
  m_LightProbeUsage: 1
  m_ReflectionProbeUsage: 1
  m_RayTracingMode: 2
  m_RayTraceProcedural: 0
  m_RenderingLayerMask: 1
  m_RendererPriority: 0
  m_Materials:
  - {fileID: 2100000, guid: 165846c6e863502479387444b633fd77, type: 2}
  m_StaticBatchInfo:
    firstSubMesh: 0
    subMeshCount: 0
  m_StaticBatchRoot: {fileID: 0}
  m_ProbeAnchor: {fileID: 0}
  m_LightProbeVolumeOverride: {fileID: 0}
  m_ScaleInLightmap: 1
  m_ReceiveGI: 1
  m_PreserveUVs: 0
  m_IgnoreNormalsForChartDetection: 0
  m_ImportantGI: 0
  m_StitchLightmapSeams: 1
  m_SelectedEditorRenderState: 3
  m_MinimumChartSize: 4
  m_AutoUVMaxDistance: 0.5
  m_AutoUVMaxAngle: 89
  m_LightmapParameters: {fileID: 0}
  m_SortingLayerID: 0
  m_SortingLayer: 0
  m_SortingOrder: 0
  m_AdditionalVertexStreams: {fileID: 0}
--- !u!65 &6546092
BoxCollider:
  m_ObjectHideFlags: 0
  m_CorrespondingSourceObject: {fileID: 0}
  m_PrefabInstance: {fileID: 0}
  m_PrefabAsset: {fileID: 0}
  m_GameObject: {fileID: 139226}
  m_Material: {fileID: 0}
  m_IsTrigger: 0
  m_Enabled: 1
  serializedVersion: 2
  m_Size: {x: 14.126039, y: 14.126042, z: 16.520826}
  m_Center: {x: 0, y: 0, z: 8.260413}
--- !u!54 &-7317693062146405972
Rigidbody:
  m_ObjectHideFlags: 0
  m_CorrespondingSourceObject: {fileID: 0}
  m_PrefabInstance: {fileID: 0}
  m_PrefabAsset: {fileID: 0}
  m_GameObject: {fileID: 139226}
  serializedVersion: 2
  m_Mass: 62.5
  m_Drag: 0
  m_AngularDrag: 0.05
  m_UseGravity: 1
  m_IsKinematic: 0
  m_Interpolate: 0
  m_Constraints: 0
  m_CollisionDetection: 0
--- !u!114 &-8343485476816604003
MonoBehaviour:
  m_ObjectHideFlags: 0
  m_CorrespondingSourceObject: {fileID: 0}
  m_PrefabInstance: {fileID: 0}
  m_PrefabAsset: {fileID: 0}
  m_GameObject: {fileID: 139226}
  m_Enabled: 1
  m_EditorHideFlags: 0
  m_Script: {fileID: 11500000, guid: 9c71a235879a29c4f8bc9fde1479a05c, type: 3}
  m_Name: 
  m_EditorClassIdentifier: 
  _damageMultiplier: 0.5
  _objectMaterial: 2
  _soundCooldown: 0.5
  Item_Collide:
    idInternal: 0
    valueGuidInternal: 
    WwiseObjectReference: {fileID: 11400000, guid: ae6efdf57cc431949ad28080af619960,
      type: 2}
  Item_ExtraDamage_Burning_Start:
    idInternal: 0
    valueGuidInternal: 
    WwiseObjectReference: {fileID: 11400000, guid: 320544e40363640488ad341dd480cd82,
      type: 2}
  Item_ExtraDamage_Burning_Stop:
    idInternal: 0
    valueGuidInternal: 
    WwiseObjectReference: {fileID: 11400000, guid: 3624f7fa63e735042a9ec25202c6dc37,
      type: 2}
--- !u!65 &985033886651503403
BoxCollider:
  m_ObjectHideFlags: 0
  m_CorrespondingSourceObject: {fileID: 0}
  m_PrefabInstance: {fileID: 0}
  m_PrefabAsset: {fileID: 0}
  m_GameObject: {fileID: 139226}
  m_Material: {fileID: 0}
  m_IsTrigger: 0
  m_Enabled: 1
  serializedVersion: 2
  m_Size: {x: 14.126039, y: 14.126039, z: 16.520823}
  m_Center: {x: -0.00048828125, y: 0, z: 8.260411}
